<?xml version="1.0" encoding="UTF-8"?><collection><record><leader>07381ntm a2200589 a 4500</leader><controlfield tag="001">006782029</controlfield><controlfield tag="003">MiAaHDL</controlfield><controlfield tag="005">20190719000000.0</controlfield><controlfield tag="006">m        d        </controlfield><controlfield tag="007">cr bn ---auaua</controlfield><controlfield tag="008">090519s1710    xx            00| ||ara d</controlfield><datafield tag="035" ind1=" " ind2=" "><subfield code="a">(MiU)006782029</subfield></datafield><datafield tag="035" ind1=" " ind2=" "><subfield code="a">sdr-miu006782029</subfield></datafield><datafield tag="040" ind1=" " ind2=" "><subfield code="a">MiU</subfield><subfield code="c">MiU</subfield><subfield code="e">amremm</subfield></datafield><datafield tag="043" ind1=" " ind2=" "><subfield code="a">n-us-mi</subfield></datafield><datafield tag="100" ind1="1" ind2=" "><subfield code="6">880-01</subfield><subfield code="a">Qārī al-Harawī, ʻAlī ibn Sulṭān Muḥammad,</subfield><subfield code="d">-1605 or 1606.</subfield></datafield><datafield tag="245" ind1="1" ind2="3"><subfield code="6">880-03</subfield><subfield code="a">al-Ḥirz al-thamīn lil-Ḥiṣn al-ḥaṣīn,</subfield><subfield code="f">[1122, i.e. 1710].</subfield></datafield><datafield tag="246" ind1="3" ind2=" "><subfield code="i">Title from 'title page' (p.11):</subfield><subfield code="a">شرح حصن الحصين المسمى بالحرز الثمين</subfield></datafield><datafield tag="246" ind1="3" ind2=" "><subfield code="i">Title from inscription on front flyleaf:</subfield><subfield code="a">شرح حصن الحصين للهروي</subfield></datafield><datafield tag="260" ind1=" " ind2=" "><subfield code="c">[1710].</subfield></datafield><datafield tag="300" ind1=" " ind2=" "><subfield code="a">230 leaves :</subfield><subfield code="b">paper ;</subfield><subfield code="c">220 x 170 (158 x 90) mm.</subfield></datafield><datafield tag="500" ind1=" " ind2=" "><subfield code="a">Shelfmark: Ann Arbor, University of Michigan, Special Collections Library, Isl. Ms. 523</subfield></datafield><datafield tag="500" ind1=" " ind2=" "><subfield code="a">Origin: As appears in colophon on p.460, copied by Aḥmad ibn Muḥammad ibn Mīrzā [?] al-Ḥanafī with transcription completed 13 Muḥarram 1122 [ca. 14 March 1710].</subfield></datafield><datafield tag="500" ind1=" " ind2=" "><subfield code="a">Accompanying materials: a. Acquisitions slip from Yahuda (pp.1-2) -- b. Scrap tag with title (pp. 37-38) -- c. Insert with notes (pp.349-50).</subfield></datafield><datafield tag="500" ind1=" " ind2=" "><subfield code="a">Former shelfmark: From inner front cover and spine label, "IL 98b" (likely supplied by Yahuda, see acquisitions slip).</subfield></datafield><datafield tag="500" ind1=" " ind2=" "><subfield code="a">Binding: Pasteboards covered in dark brown leather ; Type II binding (with flap) ; board linings in untinted paper ; upper and lower covers carry tooled border ; sewn in yellow thread, two stations, many broken ; overall in poor condition with staining and abrasion, lifting and losses of leather, moisture damage, upper cover detaching, fore edge flap far too small, etc.</subfield></datafield><datafield tag="500" ind1=" " ind2=" "><subfield code="a">Support: European laid paper with 12 laid lines per cm. (vertical), chain lines spaced 18-20 mm. apart (horizontal), and watermark of grapes (raisin) under cartouche with "B A" [?] and crown (see p.42, 43, etc.) ; thin and transluscent though sturdy, medium cream in color, well-burnished ; some ink burn.</subfield></datafield><datafield tag="500" ind1=" " ind2=" "><subfield code="a">Decoration: Some keywords, abbreviation symbols, section headings and text being commented upon rubricated ; other keywords, section headings and notabilia (side-heads) large and bolded (often set apart even) in black, blue or green ink ; textual dividers in the form of inverted commas in red.</subfield></datafield><datafield tag="500" ind1=" " ind2=" "><subfield code="a">Script: Naskh ; small, clear 'Syrian' or Turkish hand [?] in a medium line ; extensively seriffed with right-sloping head-serifs, quite rounded with curvilinear descenders, slight inclination to the left, point of nūn set deep in bowl, kāf mashqūqah preferred (even final kāf), and pointing in distinct dots and strokes.</subfield></datafield><datafield tag="500" ind1=" " ind2=" "><subfield code="a">Layout: Written in 25 lines per page ; frame-ruled.</subfield></datafield><datafield tag="500" ind1=" " ind2=" "><subfield code="a">Collation: i, 4 (4), 22 V(224), III (230) ; almost exclusively quinions ; four added leaves at opening ; final leaf left blank ; catchwords present ; foliation in black ink, Hindu-Arabic numerals ; pagination in pencil, Western numerals, supplied during digitization (includes inserts, added leaves and flyleaves).</subfield></datafield><datafield tag="500" ind1=" " ind2=" "><subfield code="a">Colophon: "Scribal," triangular, reads "نجز شرح الحصن الحصين لشيخ الاسلام ... محمد بن محمد بن محمد الجزري الشافعي ... ورضي الله عن شارحه فانه اجاد فيما اتى به وكان لهذا الحصن كمسك الختام لانه قد فتح مغلقه وابان رموزه وحل مشكله اسكنه الله اعلى فراديس الجنان ... وكان ذلك على يد احقرعباد الله واحوجهم الى غفرانه احمد بن محمد بن مرزا الحنفي ... وكان تحريرا في يوم الجمعة ثالث عشر محرم الحرام سنة الف ومائة واثنين وعشرين تمت م م م"</subfield></datafield><datafield tag="500" ind1=" " ind2=" "><subfield code="a">Explicit: "ولكن المعتمد انه يحصل اصل السنة بذكر الرجل او المرأة والله الهادي الى الصواب واليه المرجع والمآب"</subfield></datafield><datafield tag="500" ind1=" " ind2=" "><subfield code="a">Incipit: "الحمد لله الذي جعل ذكره حصنا حصينا من كل باب ودعاه حرز امينا للثواب ... اما بعد فيقول افقر عباد الله الغني واحوجهم الى كرمه الوفي ولطفه الحفي علي بن سلطان محمد الهروي ... ان هذا شرح متوسط غير مخل ولا ممل للعالمين على كتاب الحصن الحصين لشيخ القراء والمحدثين .... الشيخ محمد بن محمد بن محمد الجزري ... وسميته بالحرز الثمين للحصن الحصين حيث يبين ضبظ مبانيه ..."</subfield></datafield><datafield tag="500" ind1=" " ind2=" "><subfield code="a">Title from opening on p.12.</subfield></datafield><datafield tag="500" ind1=" " ind2=" "><subfield code="a">Ms. codex.</subfield></datafield><datafield tag="510" ind1="4" ind2=" "><subfield code="a">Brockelmann, C. GAL,</subfield><subfield code="c">II 203 no.19 cmtre b. ; II 396</subfield></datafield><datafield tag="520" ind1="8" ind2=" "><subfield code="a">Fine copy of al-Qārī al-Harawī’s (d.1605 or 6) commentary al-Ḥirz al-thamīn on al-Jazarī’s (d.1429) al-Ḥiṣn al-Ḥaṣīn, a devotional work with ḥadīth employed for prayer. Includes contents listing for an introduction on prayer and dhikr at opening (pp.8-9) and a brief text included by the copyist of the exemplar at close (pp.461-463).</subfield></datafield><datafield tag="538" ind1=" " ind2=" "><subfield code="a">Mode of access: Internet.</subfield></datafield><datafield tag="541" ind1=" " ind2=" "><subfield code="a">Acquired in 1926 from the bookseller Isaac Benjamin S.E. Yahuda via purchase transacted on his behalf by Abraham Shalom Yahuda (1877-1951), his younger brother.</subfield></datafield><datafield tag="546" ind1=" " ind2=" "><subfield code="a">Arabic.</subfield></datafield><datafield tag="561" ind1=" " ind2=" "><subfield code="a">Ownership statement on added leaf (p.3) in name of al-Sayyid Yāsīn indicating that he is gifting the book to his son Khayr Allah reads "وهبت هذا الكتاب لابني السيد خير الله وقبضت لاجل ولايتي من طرفه اللهم بارك له بالعلم والعمل حرره الفقير السيد يس المدرس ... [؟] عفي عنه" accompanied by his seal (oval) ; on further added leaf (p.6), a listing of three birth notices (for the aforementioned Khayr Allah, 3 Ramaḍān 1152 [ca. 4 December 1739], Khalīl, 26 Dhū al-Ḥijjah 1155 [ca. 21 February 1743] and ʻAbd al-Hādī, 4 Rajab 1165 [ca. 18 May 1752]) likely entered for his sons by the aforementioned al-Sayyid Yāsīn ; ownership statement on 'title page' (p.11) in name of Zayn al-ʻĀbidīn of Damascus reads "تملكه الفقير السيد زين العابدين القاضي [التاجر ؟] يومئذ بدمشق الشام عفي عنه" ; occasional marginal corrections and notabilia (side-heads).</subfield></datafield><datafield tag="600" ind1="0" ind2="0"><subfield code="a">Muḥammad,</subfield><subfield code="c">Prophet,</subfield><subfield code="d">-632</subfield><subfield code="v">Early works to 1800.</subfield></datafield><datafield tag="600" ind1="1" ind2="0"><subfield code="a">Ibn al-Jazarī, Muḥammad ibn Muḥammad,</subfield><subfield code="d">1350-1429.</subfield><subfield code="t">Ḥiṣn al-ḥaṣīn min kalām Sayyid al-Mursalīn.</subfield></datafield><datafield tag="650" ind1=" " ind2="0"><subfield code="a">Manuscripts, Arabic</subfield><subfield code="z">Michigan</subfield><subfield code="z">Ann Arbor.</subfield></datafield><datafield tag="650" ind1=" " ind2="0"><subfield code="a">Hadith.</subfield></datafield><datafield tag="650" ind1=" " ind2="0"><subfield code="a">Islam</subfield><subfield code="v">Prayers and devotions</subfield><subfield code="v">Early works to 1800.</subfield></datafield><datafield tag="700" ind1="0" ind2=" "><subfield code="6">880-05</subfield><subfield code="a">Aḥmad ibn Muḥammad ibn Mīrzā al-Ḥanafī,</subfield><subfield code="d">fl. 1710,</subfield><subfield code="e">scribe.</subfield></datafield><datafield tag="773" ind1="0" ind2=" "><subfield code="a">Yahuda Collection.</subfield></datafield><datafield tag="880" ind1="0" ind2=" "><subfield code="6">700-05/</subfield><subfield code="a">احمد بن محمد بن ميرزا الحنفي،</subfield><subfield code="e">ناسخ.</subfield></datafield><datafield tag="880" ind1="1" ind2="2"><subfield code="6">245-03/</subfield><subfield code="a">الحرز الثمين للحصن الحصين,</subfield><subfield code="f">[1122ه، 1710م].</subfield></datafield><datafield tag="880" ind1="1" ind2=" "><subfield code="6">100-01/</subfield><subfield code="a">قارى الهروي، علي بن سلطان محمد.</subfield></datafield><datafield tag="CID" ind1=" " ind2=" "><subfield code="a">006782029</subfield></datafield><datafield tag="DAT" ind1="0" ind2=" "><subfield code="a">20190719102635.0</subfield><subfield code="b">20190719000000.0</subfield></datafield><datafield tag="DAT" ind1="1" ind2=" "><subfield code="a">20190719090653.0</subfield><subfield code="b">2019-07-19T16:11:26Z</subfield></datafield><datafield tag="DAT" ind1="2" ind2=" "><subfield code="a">2015-10-02T18:00:03Z</subfield></datafield><datafield tag="CAT" ind1=" " ind2=" "><subfield code="a">SDR-MIU</subfield><subfield code="d">EX LIBRIS - ALEPH</subfield><subfield code="l">prepare.pl-004-008</subfield></datafield><datafield tag="FMT" ind1=" " ind2=" "><subfield code="a">BK</subfield></datafield><datafield tag="HOL" ind1=" " ind2=" "><subfield code="0">sdr-miu006782029</subfield><subfield code="a">MiU</subfield><subfield code="b">SDR</subfield><subfield code="c">MIU</subfield><subfield code="p">mdp.39015079125624</subfield><subfield code="s">MIU</subfield><subfield code="1">006782029</subfield></datafield><datafield tag="974" ind1=" " ind2=" "><subfield code="b">MIU</subfield><subfield code="c">MIU</subfield><subfield code="d">20190719</subfield><subfield code="s">lit-dlps-dc</subfield><subfield code="u">mdp.39015079125624</subfield><subfield code="y">1710</subfield><subfield code="r">pd</subfield><subfield code="q">bib</subfield><subfield code="t">non-US bib date1 &lt; 1896</subfield></datafield></record></collection>